<record><leader>00000cas a22000007a 4500</leader><controlfield tag="001">28189652</controlfield><controlfield tag="008">930601d18771879scuwr ne      0    0eng d</controlfield><datafield ind1=" " ind2=" " tag="010"><subfield code="a">sn 93067775 </subfield></datafield><datafield ind1=" " ind2=" " tag="040"><subfield code="a">SVN</subfield><subfield code="b">eng</subfield><subfield code="c">SVN</subfield><subfield code="d">OCLCQ</subfield><subfield code="d">SUC</subfield><subfield code="d">OCLCF</subfield></datafield><datafield ind1="1" ind2=" " tag="029"><subfield code="a">AU@</subfield><subfield code="b">000025890561</subfield></datafield><datafield ind1=" " ind2=" " tag="042"><subfield code="a">msc</subfield></datafield><datafield ind1=" " ind2=" " tag="043"><subfield code="a">n-us-sc</subfield></datafield><datafield ind1="0" ind2="4" tag="245"><subfield code="a">The Ninety-Six guardian.</subfield></datafield><datafield ind1=" " ind2=" " tag="260"><subfield code="a">Ninety-Six, S.C. :</subfield><subfield code="b">M.B. McSweeney</subfield></datafield><datafield ind1=" " ind2=" " tag="300"><subfield code="a">v.</subfield></datafield><datafield ind1=" " ind2=" " tag="310"><subfield code="a">Weekly</subfield></datafield><datafield ind1="1" ind2=" " tag="362"><subfield code="a">Began in 1877; ceased in 1879.</subfield></datafield><datafield ind1=" " ind2=" " tag="588"><subfield code="a">Description based on: Vol. 2, no. 1 (May 30, 1878).</subfield></datafield><datafield ind1=" " ind2="0" tag="651"><subfield code="a">Greenwood County (S.C.)</subfield><subfield code="v">Newspapers.</subfield></datafield><datafield ind1=" " ind2="7" tag="655"><subfield code="a">Newspapers.</subfield><subfield code="2">fast</subfield><subfield code="0">(OCoLC)fst01423814</subfield></datafield><datafield ind1=" " ind2="7" tag="651"><subfield code="a">South Carolina</subfield><subfield code="z">Greenwood County.</subfield><subfield code="2">fast</subfield><subfield code="0">(OCoLC)fst01209617</subfield></datafield><datafield ind1=" " ind2=" " tag="752"><subfield code="a">United States</subfield><subfield code="b">South Carolina</subfield><subfield code="c">Greenwood</subfield><subfield code="d">Ninety Six.</subfield></datafield><datafield ind1="0" ind2="0" tag="785"><subfield code="t">Hampton County guardian</subfield><subfield code="w">(DLC)sn 86063767</subfield><subfield code="w">(OCoLC)13622346</subfield></datafield></record>